% Encoding: UTF-8

@TechReport{Pfeifer2003,
  author      = {Martin Pfeifer},
  title       = {Berühmt berüchtigte Softwarefehler - Therac-25},
  institution = {Universität Koblenz},
  year        = {2003},
}

@Conference{Crocker2007,
  author    = {David Crocker and Judith Carlton},
  title     = {Verification of C Programs Using Automated Reasoning},
  booktitle = {Software Engineering and Formal Methods},
  year      = {2007},
}

@TechReport{Jacobs2017,
  author      = {Bart Jacobs and Jan Smans and Frank Piessens},
  title       = {The VeriFast Program Verifier: A Tutorial},
  institution = {KU Leuven},
  year        = {2017},
}

@TechReport{Jacobs2010,
  author      = {Bart Jacobs and Jan Smans and Frank Piessens},
  title       = {A Quick Tour of the VeriFast Program Verifier},
  institution = {KU Leuven},
  year        = {2010},
}

@Comment{jabref-meta: databaseType:bibtex;}
